
@book{Bender:2013,
author = {Emily M. Bender},
editor = {Graeme Hirst},
Title = {Linguistic Fundamentals for Natural Language Processing},
publisher = {Morgan and Claypool Publishers},
series = {Synthesis Lectures on Human Language Technologies},
year = {2013}
}

@book{Eisenstein:2019,
author = {Jacob Eisenstein},
title = {Introduction to Natural Language Processing},
publisher = {MIT press},
address = {Cambridge, Massachussetts},
year = {2019}
}


@book{Jurasky:Martin:2019,
author = {Dan Jurafsky and James Martin},
title = {Speech and Language Processing},
publisher = {Prentice Hall},
year = {2019}
}

@inproceedings{sang2003introduction,
  title={Introduction to the CoNLL-2003 Shared Task: Language-Independent Named Entity Recognition},
  author={Sang, Erik Tjong Kim and De Meulder, Fien},
  booktitle={Proceedings of the Seventh Conference on Natural Language Learning at HLT-NAACL 2003},
  pages={142--147},
  year={2003}
}

% Use this file for citations not found in the ACL Anthology (contained in "anthology.bib").
@book{Aho:72,
    author  = {Alfred V. Aho and Jeffrey D. Ullman},
    title   = {The Theory of Parsing, Translation and Compiling},
    year    = "1972",
    volume  = "1",
    publisher = {Prentice-Hall},
    address = {Englewood Cliffs, NJ}
}

@book{APA:83,
    author  = {{American Psychological Association}},
    title   = {Publications Manual},
    year    = "1983",
    publisher = {American Psychological Association},
    address = {Washington, DC}
}

@article{Chandra:81,
	author = {Ashok K. Chandra and Dexter C. Kozen and Larry J. Stockmeyer},
	year = "1981",
	title = {Alternation},
	journal = {Journal of the Association for Computing Machinery},
	volume = "28",
	number = "1",
	pages = "114--133",
	doi = "10.1145/322234.322243",
}

@inproceedings{andrew2007scalable,
  title={Scalable training of {L1}-regularized log-linear models},
  author={Andrew, Galen and Gao, Jianfeng},
  booktitle={Proceedings of the 24th International Conference on Machine Learning},
  pages={33--40},
  year={2007},
}

@book{Gusfield:97,
    author  = {Dan Gusfield},
    title   = {Algorithms on Strings, Trees and Sequences},
    year    = "1997",
    publisher = {Cambridge University Press},
    address = {Cambridge, UK}
}

@article{rasooli-tetrault-2015,
    author    = {Mohammad Sadegh Rasooli and Joel R. Tetreault},
    title     = {Yara Parser: {A} Fast and Accurate Dependency Parser},
    journal   = {Computing Research Repository},
    volume    = {arXiv:1503.06733},
    year      = {2015},
    url       = {http://arxiv.org/abs/1503.06733},
    note    = {version 2}
}

@article{Ando2005,
	Acmid = {1194905},
	Author = {Ando, Rie Kubota and Zhang, Tong},
	Issn = {1532-4435},
	Issue_Date = {12/1/2005},
	Journal = {Journal of Machine Learning Research},
	Month = dec,
	Numpages = {37},
	Pages = {1817--1853},
	Publisher = {JMLR.org},
	Title = {A Framework for Learning Predictive Structures from Multiple Tasks and Unlabeled Data},
	Volume = {6},
	Year = {2005}
}